<record xmlns="http://www.loc.gov/MARC21/slim" xmlns:xsi="http://www.w3.org/2001/XMLSchema-instance" xsi:schemaLocation="http://www.loc.gov/MARC21/slim http://www.loc.gov/standards/marcxml/schema/MARC21slim.xsd"><leader>     nam a22        4500</leader><controlfield tag="001">1846955</controlfield><controlfield tag="003">NIC</controlfield><controlfield tag="006">m        d        </controlfield><controlfield tag="007">cr cn |||m|||a</controlfield><controlfield tag="008">150316m19751976ir a    ob    000 0 arard</controlfield><datafield ind1=" " ind2=" " tag="040"><subfield code="a">NNU</subfield><subfield code="b">eng</subfield><subfield code="e">rda</subfield><subfield code="c">NNU</subfield></datafield><datafield ind1=" " ind2="4" tag="050"><subfield code="a">BP144.S52</subfield><subfield code="b">L8537 1975</subfield></datafield><datafield ind1="1" ind2=" " tag="100"><subfield code="6">880-01</subfield><subfield code="a">Shahi&#772;d al-Tha&#772;ni&#772;, Zayn al-Di&#772;n ibn &#699;Ali&#772;,</subfield><subfield code="d">1506-1559.</subfield></datafield><datafield ind1="1" ind2="0" tag="245"><subfield code="6">880-02</subfield><subfield code="a">Rawd&#803;ah al-bahi&#772;yah fi&#772; sharh&#803; al-Lum&#699;ah al-Dimashqi&#772;yah /</subfield><subfield code="c">li-Zayn al-Di&#772;n al-Jab&#699;i&#772; al-&#699;A&#772;mili&#772; al-Shahi&#772;d al-Tha&#772;ni&#772;.</subfield></datafield><datafield ind1=" " ind2=" " tag="250"><subfield code="6">880-03</subfield><subfield code="a">al-T&#803;ab&#699;ah 2.</subfield></datafield><datafield ind1=" " ind2=" " tag="260"><subfield code="6">880-04</subfield><subfield code="a">Qum :</subfield><subfield code="b">Intisha&#772;ra&#772;t wa-Chapkha&#772;nah &#699;Ilmi&#772;yah,</subfield><subfield code="c">1395-1396 [1975-1976]</subfield></datafield><datafield ind1=" " ind2=" " tag="300"><subfield code="a">online resource (10 volumes) :</subfield><subfield code="b">illustrations</subfield></datafield><datafield ind1=" " ind2=" " tag="336"><subfield code="a">text</subfield><subfield code="2">rdacontent</subfield></datafield><datafield ind1=" " ind2=" " tag="337"><subfield code="a">computer</subfield><subfield code="2">rdamedia</subfield></datafield><datafield ind1=" " ind2=" " tag="338"><subfield code="a">online resource</subfield><subfield code="2">rdacarrier</subfield></datafield><datafield ind1="1" ind2=" " tag="490"><subfield code="6">880-05</subfield><subfield code="a">Manshu&#772;ra&#772;t Ja&#772;mi&#699;at al-Najaf al-Di&#772;ni&#772;yah ;</subfield><subfield code="v">9-18</subfield></datafield><datafield ind1=" " ind2=" " tag="500"><subfield code="a">Part of the Arabic Collections Online (ACO) project, contributed by Cornell University Libraries.</subfield></datafield><datafield ind1=" " ind2=" " tag="504"><subfield code="a">Includes bibliographical references.</subfield></datafield><datafield ind1=" " ind2=" " tag="533"><subfield code="a">Electronic reproduction.</subfield><subfield code="b">New York, N.Y. :</subfield><subfield code="c">New York University,</subfield><subfield code="d">2015.</subfield><subfield code="5">NNU</subfield></datafield><datafield ind1=" " ind2="0" tag="650"><subfield code="a">Islamic law.</subfield></datafield><datafield ind1=" " ind2="0" tag="650"><subfield code="a">Shiites.</subfield></datafield><datafield ind1="1" ind2="0" tag="600"><subfield code="6">880-06</subfield><subfield code="a">Shahi&#772;d al-Awwal, Muh&#803;ammad ibn Makki&#772;,</subfield><subfield code="d">1333 or 1334-1380.</subfield><subfield code="t">Lum&#699;ah al-Dimashqi&#772;yah.</subfield></datafield><datafield ind1="0" ind2="7" tag="630"><subfield code="a">Lum&#699;ah al-Dimashqi&#772;yah (Shahi&#772;d al-Awwal, Muh&#803;ammad ibn Makki&#772;)</subfield><subfield code="2">fast</subfield><subfield code="0">(OCoLC)fst01372238</subfield></datafield><datafield ind1=" " ind2="7" tag="650"><subfield code="a">Islamic law.</subfield><subfield code="2">fast</subfield><subfield code="0">(OCoLC)fst00979949</subfield></datafield><datafield ind1=" " ind2="7" tag="650"><subfield code="a">Shiites.</subfield><subfield code="2">fast</subfield><subfield code="0">(OCoLC)fst01115976</subfield></datafield><datafield ind1="1" ind2=" " tag="700"><subfield code="6">880-07</subfield><subfield code="a">Shahi&#772;d al-Awwal, Muh&#803;ammad ibn Makki&#772;,</subfield><subfield code="d">1333 or 1334-1380.</subfield><subfield code="t">Lum&#699;ah al-Dimashqi&#772;yah.</subfield></datafield><datafield ind1="2" ind2=" " tag="710"><subfield code="a">Cornell University.</subfield><subfield code="b">Libraries.</subfield></datafield><datafield ind1="0" ind2=" " tag="730"><subfield code="a">Arabic Collections Online.</subfield></datafield><datafield ind1="0" ind2="8" tag="776"><subfield code="i">Online version:</subfield><subfield code="a">Shahi&#772;d al-Tha&#772;ni&#772;, Zayn al-Di&#772;n ibn &#699;Ali&#772;, 1506-1559.</subfield><subfield code="t">Rawd&#803;ah al-bahi&#772;yah fi&#772; sharh&#803; al-Lum&#699;ah al-Dimashqi&#772;yah.</subfield><subfield code="b">al-T&#803;ab&#699;ah 2.</subfield><subfield code="d">Qum : Intisha&#772;ra&#772;t wa-Chapkha&#772;nah &#699;Ilmi&#772;yah, 1395-1396 [1975-1976]</subfield><subfield code="w">(OCoLC)612553281</subfield></datafield><datafield ind1="0" ind2="8" tag="776"><subfield code="i">Print version:</subfield><subfield code="a">Shahi&#772;d al-Tha&#772;ni&#772;, Zayn al-Di&#772;n ibn &#699;Ali&#772;, 1506-1559.</subfield><subfield code="t">Rawd&#803;ah al-bahi&#772;yah fi&#772; sharh&#803; al-Lum&#699;ah al-Dimashqi&#772;yah</subfield><subfield code="w">(NIC)1846955</subfield><subfield code="w">(DLC)   86930327 </subfield><subfield code="w">(OCoLC)15985841</subfield></datafield><datafield ind1=" " ind2="0" tag="830"><subfield code="6">880-08</subfield><subfield code="a">Manshu&#772;ra&#772;t Ja&#772;mi&#699;at al-Najaf al-Di&#772;ni&#772;yah ;</subfield><subfield code="v">9-18.</subfield></datafield><datafield ind1="4" ind2="0" tag="856"><subfield code="u">http://hdl.handle.net/2333.1/ns1rnc4w</subfield></datafield><datafield ind1="1" ind2=" " tag="880"><subfield code="6">100-01/r</subfield><subfield code="a">&#1588;&#1607;&#1610;&#1583; &#1575;&#1604;&#1579;&#1575;&#1606;&#1610;&#1548; &#1586;&#1610;&#1606; &#1575;&#1604;&#1583;&#1610;&#1606; &#1576;&#1606; &#1593;&#1604;&#1610;&#1548;,</subfield><subfield code="d">1506-1559.</subfield></datafield><datafield ind1="1" ind2="0" tag="880"><subfield code="6">245-02/r</subfield><subfield code="a">&#1585;&#1608;&#1590;&#1577; &#1575;&#1604;&#1576;&#1607;&#1610;&#1577; &#1601;&#1610; &#1588;&#1585;&#1581; &#1575;&#1604;&#1604;&#1605;&#1593;&#1577; &#1575;&#1604;&#1583;&#1605;&#1588;&#1602;&#1610;&#1577; /</subfield><subfield code="c">&#1604;&#1586;&#1610;&#1606; &#1575;&#1604;&#1583;&#1610;&#1606; &#1575;&#1604;&#1580;&#1576;&#1593;&#1610; &#1575;&#1604;&#1593;&#1575;&#1605;&#1604;&#1610; &#1575;&#1604;&#1588;&#1607;&#1610;&#1583; &#1575;&#1604;&#1579;&#1575;&#1606;&#1610;.</subfield></datafield><datafield ind1=" " ind2=" " tag="880"><subfield code="6">250-03/r</subfield><subfield code="a">&#1575;&#1604;&#1591;&#1576;&#1593;&#1577; 2.</subfield></datafield><datafield ind1=" " ind2=" " tag="880"><subfield code="6">260-04/r</subfield><subfield code="a">&#1602;&#1605; :</subfield><subfield code="b">&#1575;&#1606;&#1578;&#1588;&#1575;&#1585;&#1575;&#1578; &#1608;&#1670;&#1662;&#1582;&#1575;&#1606;&#1577; &#1593;&#1575;&#1604;&#1605;&#1610;&#1577;&#1548;</subfield><subfield code="c">1395-1396 [1975-1976]</subfield></datafield><datafield ind1="1" ind2=" " tag="880"><subfield code="6">490-05/r</subfield><subfield code="a">&#1605;&#1606;&#1588;&#1608;&#1585;&#1575;&#1578; &#1580;&#1575;&#1605;&#1593;&#1577; &#1575;&#1604;&#1606;&#1580;&#1601; &#1575;&#1604;&#1583;&#1610;&#1606;&#1610;&#1577; &#1563;</subfield><subfield code="v">9-18</subfield></datafield><datafield ind1="1" ind2="4" tag="880"><subfield code="6">600-06/r</subfield><subfield code="a">&#1588;&#1607;&#1610;&#1583; &#1575;&#1604;&#1575;&#1608;&#1604;&#1548; &#1605;&#1581;&#1605;&#1583; &#1576;&#1606; &#1605;&#1603;&#1610;&#1548;,</subfield><subfield code="d">1333 or 1334-1380.</subfield><subfield code="t">&#1604;&#1605;&#1593;&#1577; &#1575;&#1604;&#1583;&#1605;&#1588;&#1602;&#1610;&#1577;.</subfield></datafield><datafield ind1="1" ind2=" " tag="880"><subfield code="6">700-07/r</subfield><subfield code="a">&#1588;&#1607;&#1610;&#1583; &#1575;&#1604;&#1575;&#1608;&#1604;&#1548; &#1605;&#1581;&#1605;&#1583; &#1576;&#1606; &#1605;&#1603;&#1610;&#1548;,</subfield><subfield code="d">1333 or 1334-1380.</subfield><subfield code="t">&#1604;&#1605;&#1593;&#1577; &#1575;&#1604;&#1583;&#1605;&#1588;&#1602;&#1610;&#1577;.</subfield></datafield><datafield ind1=" " ind2="0" tag="880"><subfield code="6">830-08/r</subfield><subfield code="a">&#1605;&#1606;&#1588;&#1608;&#1585;&#1575;&#1578; &#1580;&#1575;&#1605;&#1593;&#1577; &#1575;&#1604;&#1606;&#1580;&#1601; &#1575;&#1604;&#1583;&#1610;&#1606;&#1610;&#1577; &#1563; ;</subfield><subfield code="v">9-18.</subfield></datafield><datafield ind1=" " ind2=" " tag="959"><subfield code="a">NNU</subfield><subfield code="b">WEB</subfield><subfield code="c">GENI</subfield><subfield code="t">0</subfield><subfield code="m">Electronic access</subfield><subfield code="s">01</subfield></datafield><datafield ind1=" " ind2=" " tag="999"><subfield code="i">NIC_1846955</subfield><subfield code="o">(OCoLC)ocm15985841 </subfield><subfield code="s">cornell_aco000276:juz1</subfield><subfield code="s">cornell_aco000277:juz2</subfield><subfield code="s">cornell_aco000278:juz3</subfield><subfield code="s">cornell_aco000279:juz4</subfield><subfield code="s">cornell_aco000280:juz5</subfield><subfield code="s">cornell_aco000281:juz6</subfield><subfield code="s">cornell_aco000282:juz7</subfield><subfield code="s">cornell_aco000283:juz8</subfield><subfield code="s">cornell_aco000284:juz9</subfield><subfield code="s">cornell_aco000285:juz10</subfield></datafield></record>